@Article{watzlawik83,
author = {Paul Watzlawik},
title = {Jak być nieszczęśliwym},
journal = {Wiedza powrzechna},
year = {1983},
volume = {23},
number = {5},
pages = {20-31}
}

@Article{lukruz20,
author = {Łukasz Ruzicki},
title = {Tekst pisany późną nocą},
journal = {Theoretical Science},
year = {2020},
volume = {213},
number = {7},
pages = {186-222}
}


@book{aumann1992handbook,
  title={Handbook of game theory with economic applications},
  author={Aumann, Robert J and Hart, Sergiu},
  volume={1},
  year={1992},
  publisher={North-Holland Amsterdam}
}

@article{greenwade93,
    author  = "George D. Greenwade",
    title   = "The {C}omprehensive {T}ex {A}rchive {N}etwork ({CTAN})",
    year    = "1993",
    journal = "TUGBoat",
    volume  = "14",
    number  = "3",
    pages   = "342--351"
}

